@article{золотарева2015суприматизм,
  title={Супрематизм, как путь к конструктивизму (Ленинградская школа)},
  author={Золотарева, Милена Владимировна},
  journal={Евразийский союз ученых},
  number={8-4 (17)},
  pages={114--116},
  year={2015},
}

@article{билецкая2016роль,
  title={Роль конструктивизма в современной архитектуре, скульптуре, дизайне},
  author={Билецкая, МД and Османова, АГ and Аккуратнова, ГА},
  booktitle={Дизайн и искусство-стратегия проектной культуры XXI века (ДИСК-2016)},
  pages={138--140},
  year={2016}
}

@article{сидорина2007лики,
  title={Лики конструктивизма},
  author={Сидорина, Елена},
  journal={Искусствознание},
  number={1-2},
  pages={460--504},
  year={2007},
}

@article{пунанова2016эстетические,
  title={Эстетические принципы советского конструктивизма},
  author={Пунанова, Юлия Сергеевна},
  journal={Культура и цивилизация},
  volume={6},
  number={5А},
  pages={141--150},
  year={2016},
}


 @article{ли2018феномен,
  title={Феномен ``детского конструктивизма'' и советская книжная графика 1920-х гг},
  author={Ли, Марина Николаевна},
  journal={Вестник Восточно-Сибирского государственного института культуры},
  number={1},
  pages={114--123},
  year={2018},
  publisher={федеральное государственное бюджетное образовательное учреждение высшего~…}
}

@inproceedings{кумпан2022ретроспектива,
  title={Ретроспектива конструктивизма в проектировании современной одежды},
  author={Кумпан, ЕВ and Баскакова, ЮС},
  booktitle={Инновации и технологии к развитию теории современной моды," Мода (Материалы. Одежда. Дизайн. Аксессуары)", посвящённая Фёдору Максимовичу Пармону},
  pages={115--119},
  year={2022}
}

@article{будникова2022формула,
  title={Формула конструктивизма в дизайне костюма},
  author={Будникова, Ольга Владимировна and Хмелевская, Алина Григорьевна},
  journal={Костюмология},
  volume={7},
  number={2},
  year={2022}
}